@online{bebionic,
author = {http://bebionic.com},
title = {Technical information},
year = {2013},
url = {http:bebionic.com}
}

@inproceedings{belter2011performance,
  title={Performance characteristics of anthropomorphic prosthetic hands},
  booktitle={Rehabilitation Robotics (ICORR), 2011 IEEE International Conference on},
  author={Belter, Joseph T and Dollar, Aaron M},
  pages={1--7},
  year={2011},
  organization={IEEE}
}

@inproceedings{6226669, 
title={User demands for sensory feedback in upper extremity prostheses},
author={Lewis, S. and Russold, M.F. and Dietl, H. and Kaniusas, E.}, 
booktitle={Medical Measurements and Applications Proceedings (MeMeA), 2012 IEEE International Symposium on}, 
year={2012}, 
pages={1-4}
}

@ARTICLE{6203566, 
author={Witteveen, H.J.B. and Droog, E.A. and Rietman, J.S. and Veltink, P.H.}, 
journal={Biomedical Engineering, IEEE Transactions on}, 
title={Vibro- and Electrotactile User Feedback on Hand Opening for Myoelectric Forearm Prostheses}, 
year={2012}, 
volume={59}, 
number={8}, 
pages={2219-2226}, 
keywords={biomechanics;electromyography;prosthetics;touch (physiological);vibrations;array orientation;electrotactile stimulation;electrotactile user feedback;grasping task;hand opening;myoelectric forearm prostheses;scroll wheel;sensory feedback;task duration;vibrotactile stimulation;vibrotactile user feedback;Analysis of variance;Arrays;Elbow;Electrodes;Grasping;Prosthetics;Visualization;Electrotactile stimulation;hand opening feedback;myoelectric forearm prostheses;vibrotactile stimulation;Adult;Artificial Limbs;Electric Stimulation;Feedback;Hand;Humans;Middle Aged;Movement;Physical Stimulation;Psychomotor Performance;Reproducibility of Results;Vibration}, 
doi={10.1109/TBME.2012.2200678}, 
ISSN={0018-9294}
}

@INPROCEEDINGS{1614979, 
author={Zhizeng Luo and Guangying Yang}, 
booktitle={Neural Networks and Brain, 2005. ICNN B '05. International Conference on}, 
title={Study of Myoelectric Prostheses Based on Fuzzy Control and Touch Feedback}, 
year={2005}, 
volume={3}, 
pages={1815-1819}, 
keywords={biocybernetics;eigenvalues and eigenfunctions;electromyography;fuzzy control;pattern recognition;prosthetics;tactile sensors;bionic control;crosspower spectrum coefficient;eigenvalue;fuzzy control;motion pattern recognition;myoelectric prostheses;myoelectric signal;tactile sense;touch feedback;Control systems;Feedback;Frequency;Fuzzy control;Muscles;Neuromuscular;Pattern recognition;Proportional control;Prosthetics;Tactile sensors;Crosspower Spectral Coefficient (CSC);Fuzzy controller;Myoelectric Signal (MES)}, 
doi={10.1109/ICNNB.2005.1614979}
}

@ARTICLE{6544627, 
author={Witteveen, H.J.B. and Luft, F. and Rietman, J.S. and Veltink, P.H.}, 
journal={Neural Systems and Rehabilitation Engineering, IEEE Transactions on}, 
title={Stiffness Feedback for Myoelectric Forearm Prostheses Using Vibrotactile Stimulation}, 
year={2013}, 
volume={PP}, 
number={99}, 
pages={1-1}, 
keywords={Myoelectric forearm prostheses;Patient measurements;Stiffness feedback;Vibrotactile stimulation;Virtual graspings tasks}, 
doi={10.1109/TNSRE.2013.2267394}, 
ISSN={1534-4320}
}

@ARTICLE{1556603, 
author={Dhillon, G.S. and Horch, K.W.}, 
journal={Neural Systems and Rehabilitation Engineering, IEEE Transactions on}, 
title={Direct neural sensory feedback and control of a prosthetic arm}, 
year={2005}, 
volume={13}, 
number={4}, 
pages={468-472}, 
keywords={artificial limbs;biomechanics;biomedical electrodes;feedback;neuromuscular stimulation;phantoms;touch (physiological);appropriate graded distally referred sensations;artificial limbs;direct neural control;direct neural feedback;direct neural sensory feedback;electrodes;fascicles;grip force;joint movement;joint position;limb prostheses;motor neuron activity;peripheral nerve stumps;phantom hand;phantom limb;prosthetic arm control;touch;Artificial limbs;Control systems;Disk recording;Electrodes;Imaging phantoms;Implants;Linear feedback control systems;Neural prosthesis;Neurofeedback;Neurons;Peripheral nerve implant;prosthetic limb control;sensory feedback;Amputees;Arm;Artificial Limbs;Electric Stimulation;Electrodes, Implanted;Equipment Failure Analysis;Feedback;Humans;Male;Motor Neurons;Peripheral Nerves;Prosthesis Design;Receptors, Sensory;Treatment Outcome}, 
doi={10.1109/TNSRE.2005.856072}, 
ISSN={1534-4320}
}

@INPROCEEDINGS{5420491, 
title={A biomimetic MEMS-based tactile sensor array with fingerprints integrated in a robotic fingertip for artificial roughness encoding}, 
author={Oddo, C.M. and Beccai, L. and Muscolo, G.G. and Carrozza, M.C.}, 
booktitle={Robotics and Biomimetics (ROBIO), 2009 IEEE International Conference on}, 
year={2009}, 
pages={894-900}
}

@INPROCEEDINGS{1249269, 
author={Carrozza, M.C. and Dario, P. and Vecchi, F. and Roccella, S. and Zecca, M. and Sebastiani, F.}, 
booktitle={Intelligent Robots and Systems, 2003. (IROS 2003). Proceedings. 2003 IEEE/RSJ International Conference on}, 
title={The Cyberhand: on the design of a cybernetic prosthetic hand intended to be interfaced to the peripheral nervous system}, 
year={2003}, 
volume={3}, 
pages={2642-2647 vol.3}, 
keywords={biocybernetics;control system synthesis;neurophysiology;prosthetics;bionics;cyberhand project;cybernetic prosthetic hand;hand mechanisms design;human hand;human-like artificial hand;peripheral nervous system;sensory motor capabilities;three fingered anthropomorphic hand prototype;Anthropomorphism;Control systems;Cybernetics;Force sensors;Grasping;Humans;Nervous system;Neural prosthesis;Prosthetic hand;Prototypes}, 
doi={10.1109/IROS.2003.1249269}
}

@ARTICLE{5740988, 
author={Oddo, C.M. and Controzzi, M. and Beccai, L. and Cipriani, C. and Carrozza, M.C.}, 
journal={Robotics, IEEE Transactions on}, 
title={Roughness Encoding for Discrimination of Surfaces in Artificial Active-Touch}, 
year={2011}, 
volume={27}, 
number={3}, 
pages={522-533}, 
keywords={encoding;end effectors;mechanoception;micromechanical devices;microsensors;tactile sensors;MEMS array;anthropomorphic robotic finger;artificial active touch;artificial finger;biomimetic fingerprints;distal phalanx;end effector velocity;human Merkel mechanoreceptors;microelectromechanical system tactile microsensors;polymeric packaging;proprioceptive sensors;readout electronics;roughness encoding;surfaces discrimination;Arrays;Encoding;Gratings;Robot sensing systems;Rough surfaces;Surface roughness;Artificial touch;force and tactile sensing;microelectromechanical system (MEMS) sensors array;robotic finger;roughness encoding}, 
doi={10.1109/TRO.2011.2116930}, 
ISSN={1552-3098}
}

@INPROCEEDINGS{5209620, 
author={Cipriani, C. and Controzzi, M. and Carrozza, M.C.}, 
booktitle={Rehabilitation Robotics, 2009. ICORR 2009. IEEE International Conference on}, 
title={Progress towards the development of the SmartHand transradial prosthesis}, 
year={2009}, 
pages={682-687}, 
keywords={biomechanics;intelligent sensors;medical robotics;prosthetics;SmartHand transradial prosthesis;anthropomorphy;exteroceptive sensor;joint sensors;proprioceptive sensor;prosthetic hand;transradial amputees;Communication system control;Control systems;Fingers;Mechanical sensors;Mechatronics;Neural prosthesis;Neurofeedback;Prosthetic hand;Rehabilitation robotics;Sensor systems}, 
doi={10.1109/ICORR.2009.5209620}, 
ISSN={1945-7898}
}

@INPROCEEDINGS{5975477, 
author={D'Alonzo, M. and Cipriani, C. and Carrozza, M.C.}, 
booktitle={Rehabilitation Robotics (ICORR), 2011 IEEE International Conference on}, 
title={Vibrotactile sensory substitution in multi-fingered hand prostheses: Evaluation studies}, 
year={2011}, 
pages={1-6}, 
keywords={artificial limbs;electromyography;force feedback;haptic interfaces;neuromuscular stimulation;touch (physiological);deliver sensory feedback;force amplitudes;frequency discrimination;multifingered hand prostheses;myoelectric hand prosthesis;phantom fingers;residual limb;transradial amputees;vibrotactile sensory substitution;DC motors;Fingers;Force;Frequency modulation;Prosthetics;Skin;Vibrations;haptic perception;upper limb prostheses;vibrotactile feedback;Artificial Limbs;Fingers;Humans;Models, Theoretical}, 
doi={10.1109/ICORR.2011.5975477}, 
ISSN={1945-7898}
}

@ARTICLE{6476693, 
author={Yaoyao Hao and Controzzi, M. and Cipriani, C. and Popovic, D.B. and Xin Yang and Weidong Chen and Xiaoxiang Zheng and Carrozza, M.C.}, 
journal={Robotics Automation Magazine, IEEE}, 
title={Controlling hand-assistive devices: utilizing electrooculography as a substitute for vision}, 
year={2013}, 
volume={20}, 
number={1}, 
pages={40-52}, 
keywords={control engineering computing;electro-oculography;handicapped aids;injuries;medical robotics;medical signal processing;brachial plexus;electrooculography;hand function;hand-assistive device;neurological injury;prehension loss;spinal cord injury;upper limb amputation;vision substitute;Biomedical equipment;Control systems;Handicapped aids;Injuries;Medical robotics;Motion control;Nervous system;Neuromuscular stimulation;Robot kinematics}, 
doi={10.1109/MRA.2012.2229949}, 
ISSN={1070-9932}
}

@inproceedings{bandara2012upper,
  title={Upper extremity prosthetics: current status, challenges and future directions},
  author={Bandara, DSV and Gopura, RARC and Hemapala, KTMU and Kiguchi, Kazuo},
  booktitle={The Seventeenth International Symposium on Artificial Life and Robotics 2012},
  year={2012}
}

@inproceedings{schulz2011first,
  title={First experiences with the Vincent Hand},
  author={Schulz, Stefan},
  year={2011},
  organization={Myoelectric Symposium}
}

@ARTICLE{6361492, 
author={Tommasi, T. and Orabona, F. and Castellini, C. and Caputo, B.}, 
journal={Robotics, IEEE Transactions on}, 
title={Improving Control of Dexterous Hand Prostheses Using Adaptive Learning}, 
year={2013}, 
volume={29}, 
number={1}, 
pages={207-219}, 
keywords={dexterous manipulators;electromyography;learning (artificial intelligence);prosthetics;regression analysis;adaptive learning;baseline nonadaptive case;dexterous hand prostheses;hand movements;machine learning;polyarticulated self-powered hand prostheses;prosthetic functionality;sEMG classification;sEMG signal;surface electromyography;training phase;Adaptation models;Data models;Electrodes;Kernel;Prosthetics;Training;Vectors;Electromyography;human–computer interfaces;learning and adaptive systems;prosthetics}, 
doi={10.1109/TRO.2012.2226386}, 
ISSN={1552-3098}
}

@ARTICLE{tenore, 
title={Revolutionizing Prosthetics: Devices for Neural Integration}, 
author={Francesco V. Tenore and R. Jacob Vogelstein}, 
journal={JOHNS HOPKINS APL TECHNICAL DIGEST}, 
year={2011}, 
volume={30}, 
number={3}
}




